@article{hough,
  author    = {Richard O. Duda and
               Peter E. Hart},
  title     = {Use of the Hough Transformation to Detect Lines and Curves in Pictures},
  journal   = {Commun. {ACM}},
  volume    = {15},
  number    = {1},
  pages     = {11--15},
  year      = {1972},
  url       = {https://doi.org/10.1145/361237.361242},
  doi       = {10.1145/361237.361242},
  timestamp = {Tue, 06 Nov 2018 12:51:39 +0100},
  biburl    = {https://dblp.org/rec/bib/journals/cacm/DudaH72},
  bibsource = {dblp computer science bibliography, https://dblp.org}
}

@inproceedings{bil,
	author    = {Carlo Tomasi and
	Roberto Manduchi},
	title     = {Bilateral Filtering for Gray and Color Images},
	booktitle = {{ICCV}},
	pages     = {839--846},
	year      = {1998},
	url       = {https://doi.org/10.1109/ICCV.1998.710815},
	doi       = {10.1109/ICCV.1998.710815},
	timestamp = {Wed, 24 May 2017 08:31:05 +0200},
	biburl    = {https://dblp.org/rec/bib/conf/iccv/TomasiM98},
	bibsource = {dblp computer science bibliography, https://dblp.org}
}